<record><leader>00000cas a22000007a 4500</leader><controlfield tag="001">27964030</controlfield><controlfield tag="008">930422d187u1uuunyudr ne      0    0nor d</controlfield><datafield ind1=" " ind2=" " tag="010"><subfield code="a">sn 93058794 </subfield></datafield><datafield ind1=" " ind2=" " tag="040"><subfield code="a">MGN</subfield><subfield code="b">eng</subfield><subfield code="c">MGN</subfield><subfield code="d">MQN</subfield><subfield code="d">OCLCQ</subfield><subfield code="d">OCLCO</subfield><subfield code="d">OCLCF</subfield></datafield><datafield ind1=" " ind2=" " tag="042"><subfield code="a">msc</subfield></datafield><datafield ind1=" " ind2=" " tag="043"><subfield code="a">n-us-ny</subfield></datafield><datafield ind1="0" ind2="0" tag="245"><subfield code="a">New York Fremad.</subfield></datafield><datafield ind1="3" ind2="1" tag="246"><subfield code="a">Advance</subfield></datafield><datafield ind1=" " ind2=" " tag="260"><subfield code="a">New York [N.Y. :</subfield><subfield code="b">s.n.]</subfield></datafield><datafield ind1=" " ind2=" " tag="300"><subfield code="a">v.</subfield></datafield><datafield ind1=" " ind2=" " tag="310"><subfield code="a">Daily</subfield></datafield><datafield ind1=" " ind2=" " tag="500"><subfield code="a">Editor: Sophus Beder.</subfield></datafield><datafield ind1=" " ind2=" " tag="546"><subfield code="a">In Norwegian.</subfield></datafield><datafield ind1=" " ind2=" " tag="588"><subfield code="a">Description based on: 3die aarg., nr. 1 (9 de jan. 1872).</subfield></datafield><datafield ind1=" " ind2="0" tag="650"><subfield code="a">Norwegians</subfield><subfield code="z">New York (State)</subfield><subfield code="z">New York</subfield><subfield code="v">Newspapers.</subfield></datafield><datafield ind1=" " ind2="7" tag="655"><subfield code="a">Newspapers.</subfield><subfield code="2">fast</subfield><subfield code="0">(OCoLC)fst01423814</subfield></datafield><datafield ind1=" " ind2="7" tag="650"><subfield code="a">Norwegians.</subfield><subfield code="2">fast</subfield><subfield code="0">(OCoLC)fst01039481</subfield></datafield><datafield ind1=" " ind2="7" tag="651"><subfield code="a">New York (State)</subfield><subfield code="z">New York.</subfield><subfield code="2">fast</subfield><subfield code="0">(OCoLC)fst01204333</subfield></datafield><datafield ind1="1" ind2=" " tag="700"><subfield code="a">Beder, Sophus.</subfield></datafield><datafield ind1=" " ind2=" " tag="752"><subfield code="a">United States</subfield><subfield code="b">New York</subfield><subfield code="c">New York</subfield><subfield code="d">New York.</subfield></datafield><datafield ind1="0" ind2="0" tag="780"><subfield code="t">Chicago fremad</subfield><subfield code="w">(DLC)sn 84024054</subfield></datafield></record>